<?xml version="1.0" encoding="UTF-8"?><collection xmlns="http://www.loc.gov/MARC21/slim"><record><leader>00427nam--2200157-i-4500</leader><controlfield tag="001">000015245</controlfield><controlfield tag="002">20161230</controlfield><controlfield tag="005">20170306184715</controlfield><controlfield tag="008">060222s1000------------r-----000-0-eng-d</controlfield><datafield ind1=" " ind2=" " tag="100"><subfield code="a">Dummer, Geoffrey W. A</subfield></datafield><datafield ind1=" " ind2=" " tag="245"><subfield code="a">Miniature and microminiature electronics</subfield></datafield><datafield ind1=" " ind2=" " tag="260"><subfield code="a">London</subfield><subfield code="b">Sir Isaac Pitman &amp; Sons, Ltd</subfield><subfield code="c">1961</subfield></datafield><datafield ind1=" " ind2=" " tag="300"><subfield code="a">IX+310 p</subfield></datafield><datafield ind1=" " ind2=" " tag="700"><subfield code="a">Granville, J. W</subfield></datafield><datafield ind1=" " ind2=" " tag="852"><subfield code="a">621.38.049.7</subfield></datafield><datafield ind1=" " ind2=" " tag="CAT"><subfield code="a">SYS</subfield><subfield code="c">20170306</subfield><subfield code="h">184715</subfield></datafield></record></collection>